<?xml version="1.0" encoding="UTF-8" ?><marc:collection xmlns:marc="http://www.loc.gov/MARC21/slim" xmlns:xsi="http://www.w3.org/2001/XMLSchema-instance" xsi:schemaLocation="http://www.loc.gov/MARC21/slim http://www.loc.gov/standards/marcxml/schema/MARC21slim.xsd">
<marc:record><marc:leader>02065cas a2200469 i 4500</marc:leader>
<marc:controlfield tag="001">on1434224973</marc:controlfield>
<marc:controlfield tag="003">OCoLC</marc:controlfield><marc:controlfield tag="005">20240519020832.0</marc:controlfield><marc:controlfield tag="006">m     o  d        </marc:controlfield><marc:controlfield tag="007">cr |||||||||||</marc:controlfield><marc:controlfield tag="008">240519d18961903oruwr peo     0    0eng c</marc:controlfield><marc:datafield tag="010" ind1=" " ind2=" "><marc:subfield code="a">  2024240266</marc:subfield></marc:datafield><marc:datafield tag="040" ind1=" " ind2=" "><marc:subfield code="a">ORU</marc:subfield><marc:subfield code="b">eng</marc:subfield><marc:subfield code="e">rda</marc:subfield><marc:subfield code="e">pn</marc:subfield><marc:subfield code="c">ORU</marc:subfield><marc:subfield code="d">ORU</marc:subfield></marc:datafield><marc:datafield tag="035" ind1=" " ind2=" "><marc:subfield code="a">(OCoLC)1434224973</marc:subfield></marc:datafield><marc:datafield tag="042" ind1=" " ind2=" "><marc:subfield code="a">pcc</marc:subfield></marc:datafield><marc:datafield tag="049" ind1=" " ind2=" "><marc:subfield code="a">ORUM</marc:subfield></marc:datafield><marc:datafield tag="245" ind1="0" ind2="0"><marc:subfield code="a">Torch of reason.</marc:subfield></marc:datafield><marc:datafield tag="264" ind1=" " ind2="1"><marc:subfield code="3">1896 Nov. 5-1897 June 10:</marc:subfield><marc:subfield code="a">Silverton, Oregon :</marc:subfield><marc:subfield code="b">Oregon State Secular Union,</marc:subfield><marc:subfield code="c">1896-1903.</marc:subfield></marc:datafield><marc:datafield tag="264" ind1="2" ind2="1"><marc:subfield code="3">1897 June 17 -1903 Feb. 5:</marc:subfield><marc:subfield code="a">Silverton, Oregon :</marc:subfield><marc:subfield code="b">Liberal University Company</marc:subfield></marc:datafield><marc:datafield tag="264" ind1="2" ind2="1"><marc:subfield code="3">1903 Mar. 19-1903 Mar. 26:</marc:subfield><marc:subfield code="a">Kansas City, Missouri :</marc:subfield><marc:subfield code="b">[publisher not identified]</marc:subfield></marc:datafield><marc:datafield tag="264" ind1="3" ind2="1"><marc:subfield code="3">1903 Apr. 2-Dec.24</marc:subfield><marc:subfield code="a">Kansas City, Missouri :</marc:subfield><marc:subfield code="b">Liberal University Organization</marc:subfield></marc:datafield><marc:datafield tag="300" ind1=" " ind2=" "><marc:subfield code="a">1 online resource</marc:subfield></marc:datafield><marc:datafield tag="310" ind1=" " ind2=" "><marc:subfield code="a">Weekly,</marc:subfield><marc:subfield code="b">July 28, 1898-Dec. 24, 1903</marc:subfield></marc:datafield><marc:datafield tag="321" ind1=" " ind2=" "><marc:subfield code="a">Weekly,</marc:subfield><marc:subfield code="b">Nov. 5, 1896-Mar. 3, 1898</marc:subfield></marc:datafield><marc:datafield tag="321" ind1=" " ind2=" "><marc:subfield code="a">Biweekly,</marc:subfield><marc:subfield code="b">Mar. 10, 1898-July 14, 1898</marc:subfield></marc:datafield><marc:datafield tag="336" ind1=" " ind2=" "><marc:subfield code="a">text</marc:subfield><marc:subfield code="b">txt</marc:subfield><marc:subfield code="2">rdacontent</marc:subfield></marc:datafield><marc:datafield tag="336" ind1=" " ind2=" "><marc:subfield code="a">still image</marc:subfield><marc:subfield code="b">sti</marc:subfield><marc:subfield code="2">rdacontent</marc:subfield></marc:datafield><marc:datafield tag="337" ind1=" " ind2=" "><marc:subfield code="a">computer</marc:subfield><marc:subfield code="b">c</marc:subfield><marc:subfield code="2">rdamedia</marc:subfield></marc:datafield><marc:datafield tag="338" ind1=" " ind2=" "><marc:subfield code="a">online resource</marc:subfield><marc:subfield code="b">cr</marc:subfield><marc:subfield code="2">rdacarrier</marc:subfield></marc:datafield><marc:datafield tag="362" ind1="1" ind2=" "><marc:subfield code="a">Began with Vol. 1, no. 1 (November 5, 1896), ceased with Vol. 7, no. 46 (December 24, 1903).</marc:subfield></marc:datafield><marc:datafield tag="500" ind1=" " ind2=" "><marc:subfield code="a">The caption element on issues for Nov. 5, 1896-May 28, 1903 have text: &quot;Free thought , Science, Reason vs. Superstition&quot;.</marc:subfield></marc:datafield><marc:datafield tag="500" ind1=" " ind2=" "><marc:subfield code="a">Issues for Aug. 17, 1999-May 28, 1903 have subtitle &quot;Truth bears the torch in the search for truth. -- Lucretius.&quot;</marc:subfield></marc:datafield><marc:datafield tag="515" ind1=" " ind2=" "><marc:subfield code="a">Non published 1903 Feb. 12-Mar. 12.</marc:subfield></marc:datafield><marc:datafield tag="530" ind1=" " ind2=" "><marc:subfield code="a">Also issued on microfilm from University of Oregon.</marc:subfield></marc:datafield><marc:datafield tag="580" ind1=" " ind2=" "><marc:subfield code="a">Merged with: Freethought magazine, to form: Liberal review.</marc:subfield></marc:datafield><marc:datafield tag="588" ind1="0" ind2=" "><marc:subfield code="a">Print version record.</marc:subfield></marc:datafield><marc:datafield tag="650" ind1=" " ind2="0"><marc:subfield code="a">Secularism</marc:subfield><marc:subfield code="v">Periodicals.</marc:subfield></marc:datafield><marc:datafield tag="776" ind1="0" ind2="8"><marc:subfield code="i">Print version:</marc:subfield><marc:subfield code="t">Torch of reason</marc:subfield><marc:subfield code="w">(DLC)sn 99063828</marc:subfield><marc:subfield code="w">(OCoLC)43379123</marc:subfield></marc:datafield><marc:datafield tag="785" ind1="1" ind2="7"><marc:subfield code="t">Freethought magazine</marc:subfield></marc:datafield><marc:datafield tag="785" ind1="1" ind2="7"><marc:subfield code="t">Liberal review</marc:subfield></marc:datafield><marc:datafield tag="856" ind1="4" ind2="0"><marc:subfield code="u">https://oregonnews.uoregon.edu/lccn/2024240266/</marc:subfield><marc:subfield code="z">View at Historic Oregon Newspapers</marc:subfield></marc:datafield><marc:datafield tag="994" ind1=" " ind2=" "><marc:subfield code="a">C0</marc:subfield><marc:subfield code="b">ORU</marc:subfield></marc:datafield></marc:record>
</marc:collection>
